<?xml version="1.0" encoding="UTF-8"?><record xmlns="http://www.loc.gov/MARC21/slim" xmlns:cinclude="http://apache.org/cocoon/include/1.0" xmlns:zs="http://www.loc.gov/zing/srw/">
  <leader>00361cz  a2200121n  4500</leader>
  <controlfield tag="001">n 2002062589</controlfield>
  <controlfield tag="003">DLC</controlfield>
  <controlfield tag="005">20131029151447.0</controlfield>
  <controlfield tag="008">020701n| azannaabn          |n aaa      </controlfield>
  <datafield tag="010" ind1=" " ind2=" ">
    <subfield code="a">n 2002062589</subfield>
  </datafield>
  <datafield tag="040" ind1=" " ind2=" ">
    <subfield code="a">DLC</subfield>
    <subfield code="b">eng</subfield>
    <subfield code="c">DLC</subfield>
    <subfield code="e">rda</subfield>
    <subfield code="d">DLC</subfield>
  </datafield>
  <datafield tag="100" ind1="1" ind2=" ">
    <subfield code="a">Malinauskaitė, Aurelija</subfield>
  </datafield>
  <datafield tag="670" ind1=" " ind2=" ">
    <subfield code="a">Partizanų kovos Šiaulių krašte, 1996:</subfield>
    <subfield code="b">t.p. verso (Aurelija Malinauskaitė)</subfield>
  </datafield>
</record>